@article{author2024,
	author = {Author Name},
	title = {Title of the Paper},
	journal = {Journal Name},
	year = {2024},
	volume = {10},
	number = {2},
	pages = {100-110},
}
